@inproceedings{ikuta2016,
  author = {Ikuta, Hikaru and Ogaki, Keisuke and Odagiri, Yuri},
  booktitle = {SIGGRAPH Asia Technical Briefs},
  title = {Blending Texture Features from Multiple Reference Images for Style Transfer},
  year = {2016}
}

@misc{danbooru2017,
	author = {Anonymous, the Danbooru community, Gwern Branwen, Aaron Gokaslan},
	title = {Danbooru2017: A Large-Scale Crowdsourced and Tagged Anime Illustration Dataset},
	howpublished = {\url{https://www.gwern.net/Danbooru2017}},
	url = {https://www.gwern.net/Danbooru2017},
	type = {dataset},
	year = {2018},
	month = {January},
	timestamp = {2018-02-13},
	note = {Accessed: DATE} }

@article{Saining2015,
	author    = {Saining Xie and
	Zhuowen Tu},
	title     = {Holistically-Nested Edge Detection},
	journal   = {CoRR},
	volume    = {abs/1504.06375},
	year      = {2015},
	url       = {http://arxiv.org/abs/1504.06375},
	archivePrefix = {arXiv},
	eprint    = {1504.06375},
	timestamp = {Mon, 13 Aug 2018 16:46:00 +0200},
	biburl    = {https://dblp.org/rec/bib/journals/corr/XieT15},
	bibsource = {dblp computer science bibliography, https://dblp.org}
}

@article{opencv,
	author = {Bradski, G.},
	citeulike-article-id = {2236121},
	journal = {Dr. Dobb's Journal of Software Tools},
	keywords = {bibtex-import},
	posted-at = {2008-01-15 19:21:54},
	priority = {4},
	title = {{The OpenCV Library}},
	year = {2000}
}

@online{pillow,
	author = {Fredrik Lundh and Contributors},
	title = {Python Imaging Library},
	year = 1995,
	url = {https://github.com/python-pillow/Pillow},
	urldate = {2018-10-31}
}

@Article{SimoSerraTOG2018,
	author    = {Edgar Simo-Serra and Satoshi Iizuka and Hiroshi Ishikawa},
	title     = {{Mastering Sketching: Adversarial Augmentation for Structured Prediction}},
	journal   = "ACM Transactions on Graphics (TOG)",
	year      = 2018,
	volume    = 37,
	number    = 1,
}